@BOOK{Huebner09,
title={Stochastik: Eine anwendungsorientierte Einführung für Informatiker, Ingenieure und Mathematiker},
author={Gerhard Hübner},
publisher={Vieweg+Teubner},
year={2009},
month={3},
edition={5. Auflage.},
isbn={9783834807175},
url={http://amazon.de/o/ASIN/3834807176/},
price={EUR 24,90},
totalpages={206},
timestamp={2009.11.20},
}
@BOOK{Henze09,
 title={Stochastik für Einsteiger: Eine Einführung in die faszinierende Welt des Zufalls. Mit über 220 Übungsaufgaben und Lösungen},
 author={Norbert Henze},
 publisher={Vieweg+Teubner},
 year={2009},
 month={10},
 edition={8., erweiterte Auflage.},
 isbn={9783834808158},
 url={http://amazon.de/o/ASIN/3834808156/},
 price={EUR 23,90},
 totalpages={366},
 timestamp={2009.11.20},
}